
@inproceedings{Edwards2003Article1,
author    = "Edwards, Stephen H.",
title     = "Rethinking Computer Science Education from a Test-first Perspective",
series    = "OOPSLA",
year      = 2003,
publisher = "ACM",
address   = "Anaheim, CA"
}

@article{George2004Article,
author   = "Boby George and Laurie Williams",
title    = "A structured experiment of test-driven development",
journal  = "Information and Software Technology",
year     = 2004,
volume   = "46",
pages    = "337--342",
}

@techreport{Janzen2005Article,
title       = "Test-Driven Development: Concepts, Taxonomy, and Future Direction",
author      = "Janzen, David and Saiedian, Hossein",
institution = "IEEE Computer Society",
address     = "Washington, DC",
number      = "0018-9162",
year        = 2005,
month       = sep
}

@article{Desai2008Article,
author   = "Chetan Desai and David Janzen and Kyle Savage",
title    = "A Survey of Evidence for Test-Driven Development in Academia",
journal  = "ACM SIGCSE Bulletin",
year     = 2008,
volume   = "40",
number   = "2",
pages    = "97--101",
}

@inproceedings{Bhat2006Article,
author    = "Bhat, Thirumalesh and Nagappan, Nachiappan",
title     = "Evaluating the Efficacy of Test-Driven Development: Industrial Case Studies",
series    = "ISESE'06",
year      = 2006,
publisher = "ACM",
address   = "Rio de Janeiro, Brazil"
}

@techreport{Luo2001Article,
title       = "Software Testing Techniques: Technology Maturation and Research Strategy",
author      = "Luo, Lu",
institution = "Institute for Software Research International, Carnegie Mellon University",
address     = "Pittsburgh, PA",
number      = "Class Report for 17-939A",
year        = 2001
}

@article{Sawant2012Article,
author   = "Abhijit A. Sawant and Pranit H. Bari and P.M. Chawan",
title    = "Software Testing Techniques and Strategies",
journal  = "IJERA",
year     = 2012,
volume   = "2",
number   = "3",
pages    = "980--986",
}

@inproceedings{Carrington1997Article,
author    = "Carrington, David",
title     = "Teaching Software Testing",
series    = "ACSE'97",
year      = 1997,
publisher = "ACM",
address   = "Melbourne, Australia"
}

@inproceedings{Edwards2003Article2,
author = "Stephen H. Edwards",
title  = "Teaching software testing: automatic grading meets test-first coding",
series = "OOPSLA",
year   = 2003,
publisher = "ACM",
address = "Anaheim, CA"
}

@misc {MichiganEducation,
url = {https://soe.umich.edu/academics-admissions/degrees/bachelors-certification/undergraduate-elementary-teacher-education/ethical-obligations},
year = {2022},
title = {Ethical Obligations},
author = {University of Michigan School of Education},
}

@article{Lai2020Article,
author   = "John Lai and Nicole O. Widmar",
title    = "Revisiting the Digital Divide in the COVID-19 Era",
journal  = "Applied Economic Perspectives and Policy",
year     = 2020,
volume   = "43",
number   = "1",
pages    = "458--464",
}

@article{Fang2018Article,
 author = {Fang, Mei Lan and Canham, Sarah L and Battersby, Lupin and Sixsmith, Judith and Wada, Mineko and Sixsmith, Andrew},
 title = "{Exploring Privilege in the Digital Divide: Implications for Theory, Policy, and Practice}",
 journal = {The Gerontologist},
 volume = {59},
 number = {1},
 pages = {e1-e15},
 year = {2018},
 month = {05}
}

@misc {CodingBat,
url = {https://codingbat.com/java},
year = {2017},
title = {CodingBat: code practice},
author = {Nick Parlante},
}
